@misc{BerkeleyImprovement,
  title = {{Meet the 2014 Google Anita Borg Memorial Scholars}},
  author = {Sarah Safir},
  month = {September},
  year = {2014},
  howpublished = {\url{http://googleforstudents.blogspot.com/2014/09/meet-2014-google-anita-borg-memorial.html}},
  note = {Accessed: 2015-10-13}
}

@misc{StanfordImprovement,
  title = {{Computer science now most popular major for women}},
  author = {Susannah Meyer},
  month = {October},
  year = {2015},
  howpublished = {\url{http://www.stanforddaily.com/2015/10/12/computer-science-now-most-popular-major-for-women}},
  note = {Accessed: 2015-10-13}
}

@misc{SolvingTheEquation,
  title = {{Solving the Equation: The Variables for Womenâ€™s Success in Engineering and Computing (Executive Summary)}},
  author = {The American Association of University Women},
  month = {March},
  year = {2015},
  howpublished = {\url{http://www.aauw.org/research/solving-the-equation}},
  note = {Accessed: 2015-10-13}
}

@misc{CS10,
  title = {{Tech shift: More women in computer science classes}},
  author = {Kristen V. Brown},
  month = {February},
  year = {2014},
  howpublished = {\url{http://www.sfgate.com/education/article/Tech-shift-More-women-in-computer-science-classes-5243026.php}},
  note = {Accessed: 2015-10-13}
}

@misc{CS5,
  title = {{CS 5 Course Syllabus}},
  author = {Harvey Mudd College},
  howpublished = {\url{https://www.cs.hmc.edu/twiki/bin/view/CS5/CourseSyllabus}},
  note = {Accessed: 2015-10-13}
}