
@inproceedings{Church,
  author = {Noah D. Goodman and Vikash K. Mansinghka and Daniel M. Roy and Keith Bonawitz and Joshua B. Tenenbaum},
  title = {{Church: a language for generative models}},
  booktitle = {UAI 2008},
}

